@article{Pasca,
doi	= {10.1002/rnc.4590040403},
title	= {A linear matrix inequality approach to Hâˆž control},
author	= {Pascal Gahinet; Pierre Apkarian},
publisher	= {John Wiley and Sons},
journal	= {International Journal of Robust and Nonlinear Control},
issnp	= {1049-8923},
issne	= {1099-1239},
year	= {1994},
volume	= {4},
issue	= {4},
page	= {421--448},
url =       {http://gen.lib.rus.ec/scimag/index.php?s=10.1002/rnc.4590040403},
}
@book{book,
    author    = "Kemin Zhou and John C. Doyle and Keith Glover",
    title     = "Robust and Optimal Control",
    year      = "1995",
    publisher = "Prentice Hall",
    address   = "Englewood Cliffs, New Jersey"
}
 
@book{Gu,
    author    = "Da-Wei Gu and Petko H. Petkov and Mihail M. Konstantinov",
    title     = "Robust Control Design with MATLAB Second Edition",
    year      = "2012",
    publisher = "Springer",
    address   = "London"
}
@article{prev,
title = {Final report : Robust controller design using $H_{\infty}$ loop shaping approach},
author = {Ayush Pandey},
year = {2015}
}
@article{yalmip,
title = {YALMIP : A Toolbox for Modeling and Optimization in MATLAB.},
author = {J. L\"{o}fberg},
year = {2015}
}
@article{git,
title = {MATLAB source files},
url= {http://github.com/ayush9pandey/robustControl/},
author = {Ayush Pandey},
year={2015}
}
@book{aircraft,
	author    = "Brian L. Stevens and Frank L. Lewis",
    title     = "Aircraft Control and Simulation, 2nd Edition",
    year      = "2003",
    publisher = "Wiley",
}
@article{robot,
title = {Mechatronics Design of a Mobile Robot System},
author = {Ahmad A. Mahfouz and Ayman A. Aly and Farhan A. Salem},
year = {2013},
journal = {International Journal of Intelligent Systems and Applications}
}