@article{aero,
  author =       "R. Hyde",
  title =        "VSTOL first flight on an $H_{\infty}$ control law",
  year =         "1995"
}
@book{book,
    author    = "Kemin Zhou and John C. Doyle and Keith Glover",
    title     = "Robust and Optimal Control",
    year      = "1995",
    publisher = "Prentice Hall",
    address   = "Englewood Cliffs, New Jersey"
}
 
@book{Gu,
    author    = "Da-Wei Gu and Petko H. Petkov and Mihail M. Konstantinov",
    title     = "Robust Control Design with MATLAB Second Edition",
    year      = "2012",
    publisher = "Springer",
    address   = "London"
}
@online{parseval,
    author    = "Imperial College London",
    title     = "Parseval's Theorem and it's Proof",
    url       = "http://wwwf.imperial.ac.uk/~jdg/eeft3.pdf"
}
